<record>
  <leader>02461nem a2200349 a 4500</leader>
  <controlfield tag="001">991000097149702696</controlfield>
  <controlfield tag="005">20170117052020.0</controlfield>
  <controlfield tag="008">051118s1897    xx            001 0 eng u</controlfield>
  <datafield tag="035" ind1=" " ind2=" ">
    <subfield code="a">(IL-JeALB)10315-972ai_inst</subfield>
  </datafield>
  <datafield tag="035" ind1=" " ind2=" ">
    <subfield code="a">10315</subfield>
    <subfield code="9">ExL</subfield>
  </datafield>
  <datafield tag="035" ind1=" " ind2=" ">
    <subfield code="a">map00000121</subfield>
  </datafield>
  <datafield tag="100" ind1="1" ind2=" ">
    <subfield code="a">Conder, Claude R</subfield>
  </datafield>
  <datafield tag="245" ind1="1" ind2="0">
    <subfield code="a">Map of Western Palestine.</subfield>
    <subfield code="h">[map]</subfield>
  </datafield>
  <datafield tag="246" ind1=" " ind2=" ">
    <subfield code="a">The survey of Western Palestine.</subfield>
  </datafield>
  <datafield tag="246" ind1=" " ind2=" ">
    <subfield code="a">PEF survey of Western Palestine.</subfield>
  </datafield>
  <datafield tag="255" ind1=" " ind2=" ">
    <subfield code="a">Scale 1:63,360.</subfield>
  </datafield>
  <datafield tag="260" ind1=" " ind2=" ">
    <subfield code="a">London :</subfield>
    <subfield code="b">Palestine Exploration Fund,</subfield>
    <subfield code="c">1897.</subfield>
  </datafield>
  <datafield tag="300" ind1=" " ind2=" ">
    <subfield code="a">1 map on 26 sheets, bound in 1 vol. ;</subfield>
    <subfield code="c">46 x 65 cm.</subfield>
  </datafield>
  <datafield tag="500" ind1=" " ind2=" ">
    <subfield code="a">The map of Western Palestine was constructed from surveys conducted by C.R. Conder and H.H. Kitchener on behalf of the Palestine Exploration Fund between 1872 and 1878 (the last map was surveyed in 1878). The maps were drawn by Conder and Kitchener but the lettering and finishing was done mostly by J. Brophy and J. Maling of the Royal Engineers.</subfield>
  </datafield>
  <datafield tag="500" ind1=" " ind2=" ">
    <subfield code="a">The library holds the original 1880 copy (MAPS 2-1880). The 1897 edition is a later edition, with the addition of Schumacher's name as the surveyor of the areas east of the Jordan. The plates which include these geographical areas have been altered, but for the most part the map plates in this edition are reprints of the earlier, 1880, edition.</subfield>
  </datafield>
  <datafield tag="500" ind1=" " ind2=" ">
    <subfield code="a">One of the 2 duplicate sheets (XXI [Nablous]) may be the missing sheet from the 1880 binder.</subfield>
  </datafield>
  <datafield tag="505" ind1=" " ind2=" ">
    <subfield code="a">The sheets are untitled, but titles have been added in manuscript. Sheets in the order of binding: I [Tyre] -- II [Banias] -- IV [Safed] -- V [Haifa] -- XXI [Nablous] (c.1) -- VI [Tiberias] -- VII [Caesarea] -- VIII [Jenin] -- IX [Beisan] -- X [Kfar Saba] -- XXI [Nablous]  (c.2) -- XII [Tubas] -- XIII [Jaffa] -- XIV [Shiloh] -- XV [Akrabeh] -- XVI [Ashdod] -- XVII [Jerusalem] -- XVIII [Jericho] -- XX [Beit Gibrin] -- III [Acre] -- XIX [Gaza] -- XXI [Hebron] -- XXII [Ein Gedi] -- XXIII [Wady Ghuzzrh] -- XIV [Beer Sheba] -- XV [Tel Arad] -- XVI [Masada].</subfield>
  </datafield>
  <datafield tag="506" ind1=" " ind2=" ">
    <subfield code="a">Will require conservation work before use.</subfield>
  </datafield>
  <datafield tag="530" ind1=" " ind2=" ">
    <subfield code="a">Library also has a digitized version of this map on CD (GA1321.H6 2004).</subfield>
  </datafield>
  <datafield tag="651" ind1=" " ind2="0">
    <subfield code="a">Asia</subfield>
    <subfield code="z">Middle East</subfield>
    <subfield code="z">Palestine</subfield>
    <subfield code="v">Maps.</subfield>
  </datafield>
  <datafield tag="700" ind1="1" ind2=" ">
    <subfield code="a">Kitchener, H H</subfield>
  </datafield>
  <datafield tag="700" ind1=" " ind2=" ">
    <subfield code="a">Schumacher, G</subfield>
  </datafield>
  <datafield tag="720" ind1="2" ind2=" ">
    <subfield code="a">Ordnance Survey, Southampton</subfield>
    <subfield code="e">, printer</subfield>
  </datafield>
  <datafield tag="913" ind1=" " ind2=" ">
    <subfield code="1">133</subfield>
    <subfield code="2">Publisher</subfield>
    <subfield code="3">Printer</subfield>
    <subfield code="5">Uncertain</subfield>
    <subfield code="6">Full</subfield>
  </datafield>
  <datafield tag="949" ind1=" " ind2=" ">
    <subfield code="a">Maps - Open Shelf Cabinet 2-1897</subfield>
  </datafield>
  <datafield tag="953" ind1=" " ind2=" ">
    <subfield code="a">Was CM40.W251</subfield>
  </datafield>
  <datafield tag="999" ind1=" " ind2=" ">
    <subfield code="a">MAP</subfield>
  </datafield>
</record>
